<record><leader>00000cas a22000007a 4500</leader><controlfield tag="001">24873355</controlfield><controlfield tag="008">911129d18801882ohuwr ne      0    0eng d</controlfield><datafield ind1=" " ind2=" " tag="010"><subfield code="a">sn 91069011 </subfield></datafield><datafield ind1=" " ind2=" " tag="040"><subfield code="a">ONP</subfield><subfield code="b">eng</subfield><subfield code="c">ONP</subfield><subfield code="d">OCLCQ</subfield><subfield code="d">OCLCO</subfield></datafield><datafield ind1="1" ind2=" " tag="029"><subfield code="a">AU@</subfield><subfield code="b">000025864049</subfield></datafield><datafield ind1=" " ind2=" " tag="042"><subfield code="a">msc</subfield></datafield><datafield ind1=" " ind2=" " tag="043"><subfield code="a">n-us-oh</subfield></datafield><datafield ind1="0" ind2="4" tag="245"><subfield code="a">The Dover weekly Argus.</subfield></datafield><datafield ind1="1" ind2="3" tag="246"><subfield code="a">Dover Argus</subfield></datafield><datafield ind1=" " ind2=" " tag="260"><subfield code="a">Canal Dover, Ohio :</subfield><subfield code="b">W.H. Watson,</subfield><subfield code="c">1880-1882.</subfield></datafield><datafield ind1=" " ind2=" " tag="300"><subfield code="a">v.</subfield></datafield><datafield ind1=" " ind2=" " tag="310"><subfield code="a">Weekly</subfield></datafield><datafield ind1="0" ind2=" " tag="362"><subfield code="a">Vol. 1, no. 1 (Apr. 19, 1880)-v. 3, no. 32 (Dec. 28, 1882).</subfield></datafield><datafield ind1=" " ind2=" " tag="500"><subfield code="a">"An Independent Democratic Journal."</subfield></datafield><datafield ind1=" " ind2=" " tag="515"><subfield code="a">Dec. 28, 1882 issue also numbered whole no. 132.</subfield></datafield><datafield ind1=" " ind2="0" tag="651"><subfield code="a">Dover (Ohio)</subfield><subfield code="v">Newspapers.</subfield></datafield><datafield ind1=" " ind2="0" tag="651"><subfield code="a">Canal Dover (Ohio)</subfield><subfield code="v">Newspapers.</subfield></datafield><datafield ind1=" " ind2="0" tag="651"><subfield code="a">Tuscarawas County (Ohio)</subfield><subfield code="v">Newspapers.</subfield></datafield><datafield ind1=" " ind2=" " tag="752"><subfield code="a">United States</subfield><subfield code="b">Ohio</subfield><subfield code="c">Tuscarawas</subfield><subfield code="d">Dover.</subfield></datafield><datafield ind1="0" ind2="0" tag="785"><subfield code="t">Argus (New Philadelphia, Ohio)</subfield><subfield code="w">(DLC)sn 91069010</subfield></datafield></record>